@book{johnson2007applied,
  title={Applied Multivariate Statistical Analysis},
  author={Johnson, R.A. and Wichern, D.W.},
  isbn={9780131877153},
  lccn={2006050673},
  series={Applied Multivariate Statistical Analysis},
  url={https://books.google.it/books?id=gFWcQgAACAAJ},
  year={2007},
  publisher={Pearson Prentice Hall}
}
@book{james2013introduction,
  title={An Introduction to Statistical Learning: with Applications in R},
  author={James, G. and Witten, D. and Hastie, T. and Tibshirani, R.},
  isbn={9781461471387},
  lccn={13936251},
  series={Springer Texts in Statistics},
  url={https://books.google.it/books?id=qcI_AAAAQBAJ},
  year={2013},
  publisher={Springer New York}
}
