@unpublished{numerical-linear-algebra-polimi,
	title  = {Numerical Linear Algebra},
	author = {Antonietti Paola Francesca},
	note   = {Slides from the HPC-E master's degree course on Politecnico di Milano},
	year   = {2024}
}