@book{barroso2022datacenter,
  title={The Datacenter as a Computer: Designing Warehouse-Scale Machines, Third Edition},
  author={Barroso, L.A. and H{\"o}lzle, U. and Ranganathan, P.},
  isbn={9783031017612},
  series={Synthesis Lectures on Computer Architecture},
  url={https://books.google.it/books?id=h4ZyEAAAQBAJ},
  year={2022},
  publisher={Springer International Publishing}
}
@book{lazowska1984quantitative,
  title={Quantitative System Performance: Computer System Analysis Using Queueing Network Models},
  author={Lazowska, E.D.},
  isbn={9780137469758},
  lccn={83013791},
  url={https://books.google.it/books?id=NNZQAAAAMAAJ},
  year={1984},
  publisher={Prentice-Hall}
}
@misc{marino2023computing,
      title={Is the Computing Continuum Already Here?}, 
      author={Jacopo Marino and Fulvio Risso},
      year={2023},
      eprint={2309.09822},
      archivePrefix={arXiv},
      primaryClass={cs.DC}
}
@unpublished{computing-infrastructures-slides,
  author = {Gianluca Palermo},
  note   = {Slides from the HPC-E master's degree course on Politecnico di Milano},
  title  = {Lesson 1, Computing Infrastructures},
  year   = {2024}
}
@unpublished{raid-and-data-integrity-slides,
  author = {Ming-Chang Yang},
  note   = {Slides from the CSCI5550 Advanced File and Storage Systems course on the Chinese University of Hong Kong},
  title  = {Lesson 2, RAID and Data Integrity},
  year   = {2020}
}
@misc{nist8184Model,
	author = {NIST},
	title = {8.1.8.4. {R} out of {N} model - itl.nist.gov},
	howpublished = {\url{https://www.itl.nist.gov/div898/handbook/apr/section1/apr184.htm}},
	year = {},
	note = {[Accessed 14-08-2024]},
}
@unpublished{computing-infrastructures-polimi,
	title  = {Computing Infrastructures},
	author = {Gianluca Palermo},
	note   = {Slides from the HPC-E master's degree course on Politecnico di Milano},
	year   = {2024}
}
@article{wu2017access,
  title={An access control model for preventing virtual machine escape attack},
  author={Wu, Jiang and Lei, Zhou and Chen, Shengbo and Shen, Wenfeng},
  journal={Future Internet},
  volume={9},
  number={2},
  pages={20},
  year={2017},
  publisher={MDPI}
}