@book{barroso2022datacenter,
  title={The Datacenter as a Computer: Designing Warehouse-Scale Machines, Third Edition},
  author={Barroso, L.A. and H{\"o}lzle, U. and Ranganathan, P.},
  isbn={9783031017612},
  series={Synthesis Lectures on Computer Architecture},
  url={https://books.google.it/books?id=h4ZyEAAAQBAJ},
  year={2022},
  publisher={Springer International Publishing}
}
@book{lazowska1984quantitative,
  title={Quantitative System Performance: Computer System Analysis Using Queueing Network Models},
  author={Lazowska, E.D.},
  isbn={9780137469758},
  lccn={83013791},
  url={https://books.google.it/books?id=NNZQAAAAMAAJ},
  year={1984},
  publisher={Prentice-Hall}
}
@unpublished{computing-infrastructures-slides,
  author = {Gianluca Palermo},
  note   = {Slides from the HPC-E master's degree course on Politecnico di Milano},
  title  = {Lesson 1, Computing Infrastructures},
  year   = {2024}
}
@misc{marino2023computing,
      title={Is the Computing Continuum Already Here?}, 
      author={Jacopo Marino and Fulvio Risso},
      year={2023},
      eprint={2309.09822},
      archivePrefix={arXiv},
      primaryClass={cs.DC}
}