@book{quarteroni2017calcolo,
  title={Calcolo Scientifico: Esercizi e problemi risolti con MATLAB e Octave},
  author={Quarteroni, A. and Saleri, F. and Gervasio, P.},
  isbn={9788847039537},
  series={UNITEXT},
  url={https://books.google.it/books?id=WRsuDwAAQBAJ},
  year={2017},
  publisher={Springer Milan}
}