@unpublished{numerical-methods-for-partial-differential-equations-polimi,
	title  = {Numerical Methods for Partial Differential Equations},
	author = {Quarteroni Alfio Maria},
	note   = {Slides from the HPC-E master's degree course on Politecnico di Milano},
	year   = {2024}
}