@unpublished{advanced-methods-for-scientific-computing-polimi,
	title  = {Advanced Methods for Scientific Computing},
	author = {Formaggia Luca},
	note   = {Slides from the HPC-E master's degree course on Politecnico di Milano},
	year   = {2024}
}