@book{bomarius2009product,
  title={Product-Focused Software Process Improvement: 10th International Conference, PROFES 2009, Oulu, Finland, June 15-17, 2009, Proceedings},
  author={Bomarius, F. and Oivo, M. and Jaring, P. and Abrahamsson, P.},
  isbn={9783642021527},
  lccn={2009928673},
  series={Lecture Notes in Business Information Processing},
  url={https://books.google.it/books?id=5jNQ6fX8uN4C},
  year={2009},
  publisher={Springer Berlin Heidelberg}
}