@unpublished{foundations-of-operations-research-polimi,
	title  = {Foundations of Operations Research},
	author = {Braz Pascoal Marta Margarida},
	note   = {Slides from the HPC-E master's degree course on Politecnico di Milano},
	year   = {2024}
}
@misc{wikipediaOperationsResearch,
	author = {wikipedia},
	title = {{O}perations research - {W}ikipedia},
	howpublished = {\url{https://en.wikipedia.org/wiki/Operations_research}},
	year = {},
	note = {[Accessed 08-09-2024]}
}