@unpublished{parallel-computing-polimi,
	title  = {Parallel Computing},
	author = {Ferrandi Fabrizio},
	note   = {Slides from the HPC-E master's degree course on Politecnico di Milano},
	year   = {2024}
}