@book{berera2021quantum,
  title={Quantum Mechanics},
  author={Berera, A. and Debbio, L.D.},
  isbn={9781108423335},
  lccn={2021024878},
  url={https://books.google.it/books?id=3dxBEAAAQBAJ},
  year={2021},
  publisher={Cambridge University Press}
}
@book{ciccacci2020fondamenti,
  title={Fondamenti di fisica atomica e quantistica},
  author={Ciccacci, F.},
  isbn={9788833190679},
  url={https://books.google.it/books?id=7W5SzQEACAAJ},
  year={2020},
  publisher={Edises}
}
@book{sakurai2020modern,
  title={Modern Quantum Mechanics},
  author={Sakurai, J.J. and Napolitano, J.},
  isbn={9781108473224},
  url={https://books.google.it/books?id=GdX7DwAAQBAJ},
  year={2020},
  publisher={Cambridge University Press}
}